@misc{plagio_rae,
title = "Definición de plagio.", 
howpublished = "\url{http://dle.rae.es/?id=TIZy4Xb}",
}

@misc{plagio_etim,
title = "Plagiarism etymology.",
howpublished = "\url{https://www.etymonline.com/word/plagiarism}",
}

@misc{plagio_historia,
title = "Plagiarism: history, detection and prevention.",
author = "Vinod K.R.* and Sandhya.S and SathishKumar D and Harani A and Kumar D and David Banji and Otilia JF Banji",
year = "2011", 
howpublished = "\url{http://www.hygeiajournal.com/downloads/Editorial/1597787464plagiarism.pdf}",
}


@misc{normativa_plagio,
title = "Normativa de evaluación y de calificación de los estudiantes de la Universidad de Granada ",
howpublished = "\url{https://www.ugr.es/~minpet/pages/enpdf/normativaevaluacionycalificacion.pdf}",
}

@misc{plagio_paper,
title = "Plagiarism, Norms, and the Limits of Theft Law: Some Observations on the Use of Criminal Sanctions in Enforcing Intellectual Property Rights",
author = "STUART P. GREEN",
year = "2002", 
howpublished = "\url{https://www.researchgate.net/publication/228244566_Plagiarism_Norms_and_the_Limits_of_Theft_Law_Some_Observations_on_the_Use_of_Criminal_Sanctions_in_Enforcing_Intellectual_Property_Rights}",
}


@misc{sim,
title = "The software and text similarity tester SIM",
howpublished = "\url{https://dickgrune.com/Programs/similarity_tester/}",
}


@misc{plaggie,
title = "Plaggie detection engine official website",
howpublished = "\url{https://www.cs.hut.fi/Software/Plaggie/}",
}



@misc{whatisR,
title = "R language definition",
howpublished = "\url{https://www.r-project.org/}",
}

@misc{scrum,
title = "What is SCRUM",
howpublished = "\url{https://www.scrum.org/resources/what-is-scrum}",
}

@misc{metodologia_agil,
title = "Agile methodology",
howpublished = "\url{https://www.qasymphony.com/blog/agile-methodology-guide-agile-testing/}",
}


@misc{viper,
title = "Online Plagiarism Checking with Viper",
howpublished = "\url{https://www.scanmyessay.com/plagiarism-check.php}",
}

@misc{grammarly,
title = "Grammarly Plagiarism Checker",
howpublished = "\url{https://www.grammarly.com/plagiarism}",
}

@misc{ithenticate,
title = "Ithenticate Plagiarism Detection Software",
howpublished = "\url{http://www.ithenticate.com/about}",
}

@misc{plagscan,
title = "Plagscan Plagiarism Checker",
howpublished = "\url{https://www.plagscan.com/en/}",
}

@misc{turnitin,
title = "Turnitin use",
howpublished = "\url{https://www.turnitin.com/blog/does-turnitin-detect-plagiarism}",
}


@misc{sherlock,
title = "Sherlock - Plagiarism Detection Software",
howpublished = "\url{https://warwick.ac.uk/fac/sci/dcs/research/ias/software/sherlock/}",
}


@article{gplag,
  author  = {Chao Liu and Chen Chen and Jiawei Han and Philip S. Yu}, 
  title   = {GPLAG: Detection of Software Plagiarism by Program Dependence Graph Analysis},
  year    = 2006,
  note    = "\url{http://www1.se.cuhk.edu.hk/~hcheng/seg5010/slides/kdd06_gplag.pdf}", 
}


@article{yap3,
  author  = {Michael J. Wise}, 
  title   = {YAP3: Improved Detection Of Similarities In Computer Program And Other Texts},
  year    = 1996,
  note    = "\url{https://www.researchgate.net/publication/2249233_YAP3_Improved_Detection_Of_Similarities_In_Computer_Program_And_Other_Texts}", 
}



@misc{plagio_estrategias,
title = "Source Code and Text Plagiarism Detection Strategies",
author = "Maeve Paris",
year = "2014", 
howpublished = "\url{https://www.researchgate.net/publication/228379807_Source_Code_and_Text_Plagiarism_Detection_Strategies}",
}

@misc{Moss_web,
title = "MOSS main website",
howpublished = "\url{https://theory.stanford.edu/~aiken/moss/}",
}

@article{Moss_Jplag_info,
  author  = {Daniël Heres}, 
  title   = {Source Code Plagiarism Detection using Machine Learning},
  year    = 2017,
  pages   = {1-9},
}


@misc{Moss_algoritmo,
title = "Winnowing: Local Algorithms for Document Fingerprinting",
author = "Saul Schleimer and Daniel S. Wilkerson and Alex Aiken",
year = "2003", 
howpublished = "\url{http://theory.stanford.edu/~aiken/publications/papers/sigmod03.pdf}",
}


@article{Moss_uso,
  author  = {Kevin W. Bowyer and Lawrence O. Hall}, 
  title   = {Experience Using ”MOSS” to Detect Cheating On Programming Assignments},
  year    = 2017,
  note    = "\url{https://www3.nd.edu/~kwb/nsf-ufe/1110.pdf}", 
}


@misc{web_jplag,
title = "JPLAG official website, main page.",
howpublished = "\url{https://jplag.ipd.kit.edu/}",
}

@misc{jplag_github,
title = "JPLAG github repository",
howpublished = "\url{https://github.com/jplag/jplag}",
}

@misc{jplag_paper,
title = "JPlag: Finding plagiarisms among a set of programs",
author = "Lutz Prechelt and Guido Malpohl and Michael Phlippsen",
year = "2000",
}

@misc{Rabin,
title = "Efficient randomized pattern-matching algorithms",
author = " Richard M. Karp and Michael 0. Rabin",
year = "1987", 
howpublished = "\url{https://pdfs.semanticscholar.org/c47d/151f09c567013761632c89e237431c6291a2.pdf}",
}

@misc{moss_credits,
title = "MOSS credits page",
howpublished = "\url{http://moss.stanford.edu/general/credits.html}",
}

@misc{maven_web,
title = "Apache maven official website",
howpublished = "\url{https://maven.apache.org/}",
}


@book{antlr_libro,
  author    = {Terence Parr}, 
  title     = {The Definitive ANTLR 4 Reference},
  publisher = {The Pragmatic Programmers},
  year      = 2012,
  edition   = 1,
  isbn      = {978-1-93435-699-9}
}


@misc{repositorio_gramatica,
title = "R base grammar github repository",
howpublished = "\url{https://github.com/antlr/grammars-v4}",
}

@misc{R_language_definition,
title = "R Language Definition",
howpublished = "\url{https://cran.r-project.org/doc/manuals/r-release/R-lang.html}",
}


@misc{instrucciones_moss,
title = "Getting started with MOSS",
howpublished = "\url{https://gist.github.com/danielmai/9162349}",
}

@misc{instalacion_maven,
title = "Installing Apache Maven",
howpublished = "\url{https://maven.apache.org/install.html}",
}



